@article{CaiMaoYin1998,
  title = {略論預算法上之特種基金以空氣污染防制基金為例},
  author = {蔡茂寅},
  date = {1998-03-01},
  journaltitle = {財稅研究},
  volume = {30},
  number = {2},
  pages = {14--27},
  publisher = {財稅研究雜誌社},
  url = {http://lawdata.com.tw/tw/detail.aspx?no=111620},
  urldate = {2023-10-12}
}

@article{CaiMaoYin2004,
  title = {財政法：第四講——特種基金},
  shorttitle = {財政法},
  author = {蔡茂寅},
  date = {2004-02},
  journaltitle = {月旦法學教室},
  number = {16},
  pages = {85--97},
  publisher = {元照出版公司},
  url = {https://lawdata.com.tw/tw/detail.aspx?no=4317},
  urldate = {2023-10-12}
}

@article{CaiMaoYin2011,
  title = {財政法：第四講 - 原因者付費制度（上）},
  shorttitle = {財政法},
  author = {蔡茂寅},
  date = {2011-03-01},
  journaltitle = {月旦法學教室},
  number = {101},
  pages = {51--62},
  publisher = {元照出版公司},
  url = {http://lawdata.com.tw/tw/detail.aspx?no=67351},
  urldate = {2023-10-12}
}

@article{CaiMaoYin2011a,
  title = {財政法：第四講 - 原因者付費制度（下）},
  shorttitle = {財政法},
  author = {蔡茂寅},
  date = {2011-07-01},
  journaltitle = {月旦法學教室},
  number = {105},
  pages = {76--85},
  publisher = {元照出版公司},
  url = {http://lawdata.com.tw/tw/detail.aspx?no=67443},
  urldate = {2023-10-12}
}

@article{ChenQingXiu2019,
  title = {特種基金預算制度之指導原則（下）},
  author = {陳清秀},
  date = {2019-10},
  journaltitle = {植根雜誌},
  volume = {35},
  number = {10},
  pages = {361--374},
  url = {https://www.lawbank.com.tw/treatise/pl_article.aspx?AID=P000248140},
  urldate = {2023-10-12},
  langid = {chinese}
}

@article{ChenQingXiu2019a,
  title = {特種基金預算制度之指導原則（上）},
  author = {陳清秀},
  date = {2019-09},
  journaltitle = {植根雜誌},
  volume = {35},
  number = {9},
  pages = {331--345},
  url = {https://www.lawbank.com.tw/treatise/pl_article.aspx?AID=P000243733},
  urldate = {2023-10-12},
  langid = {chinese}
}

@article{ChenWenJin2020,
  title = {論特別公課的概念與反思－評最高行政法院 104 年度判字第 68 號判決},
  author = {陳汶津},
  date = {2020-06-01},
  journaltitle = {成大法學},
  number = {39},
  pages = {1--63},
  publisher = {國立成功大學法律學研究所；成大法學編輯委員會},
  url = {http://lawdata.com.tw/tw/detail.aspx?no=391953},
  urldate = {2023-10-12}
}

@article{GeKeChang2012,
  title = {特別公課與地方財政工具},
  author = {葛克昌},
  date = {2012-12-01},
  journaltitle = {台灣法學雜誌},
  number = {213},
  pages = {146--156},
  publisher = {臺灣本土法學雜誌社},
  url = {http://lawdata.com.tw/tw/detail.aspx?no=183469},
  urldate = {2023-10-12}
}

@book{GeKeChang2021,
  title = {財政法},
  editor = {葛克昌 and 蔡茂寅 and 陳清秀（編）},
  date = {2021-02},
  publisher = {新學林},
  location = {台北},
  url = {https://sharing.com.tw/product/index/2EA35},
  urldate = {2023-10-13},
  langid = {chinese-traditional}
}

@online{HuanJingBu,
  title = {各年份之空氣污染防制費支用情況},
  author = {環境部},
  url = {https://air.moenv.gov.tw/EnvTopics/AirQuality_9.aspx},
  urldate = {2023-10-12},
  langid = {chinese},
  organization = {環境部 - 空氣品質改善維護資訊網}
}

@online{HuanJingBua,
  title = {111年度環境保護基金附屬單位決算資料-決算書-附屬單位預算-預決算及會計月報、基金會計制度-預算會計經費執行情形-政府資訊公開-資訊與服務},
  author = {環境部},
  url = {https://www.moenv.gov.tw/page/C4D900240F2A0F50},
  urldate = {2023-10-12},
  langid = {chinese-traditional},
  organization = {環境部全球資訊網}
}

@online{HuanJingBub,
  title = {決算書-附屬單位預算-預決算及會計月報、基金會計制度-預算會計經費執行情形-政府資訊公開-資訊與服務},
  author = {環境部},
  url = {https://www.moenv.gov.tw/page/4DBBB53D80EC662E},
  urldate = {2023-10-12},
  langid = {chinese-traditional},
  organization = {環境部全球資訊網}
}

@online{HuanJingBuc,
  title = {主管決算書-主管預算-預決算及會計月報、基金會計制度-預算會計經費執行情形-政府資訊公開-資訊與服務｜環境部全球資訊網},
  author = {環境部},
  url = {https://www.moenv.gov.tw/page/98C1281BC1B91CE},
  urldate = {2023-10-12},
  langid = {chinese-traditional},
  organization = {環境部全球資訊網}
}

@article{KeGeZhong2008,
  title = {特別公課之概念及爭議-以釋字第四二六號解釋所討論之空氣污染防制費為例},
  author = {柯格鐘},
  date = {2008-12-01},
  journaltitle = {月旦法學雜誌},
  number = {163},
  pages = {194--215},
  publisher = {元照出版公司},
  url = {http://lawdata.com.tw/tw/detail.aspx?no=25550},
  urldate = {2023-10-12}
}

@article{KeGeZhong2016,
  title = {公課與稅捐概念},
  author = {柯格鐘},
  date = {2016-10-01},
  journaltitle = {月旦法學教室},
  number = {168},
  pages = {47--53},
  publisher = {元照出版公司},
  url = {http://lawdata.com.tw/tw/detail.aspx?no=406834},
  urldate = {2023-10-12}
}

@book{KeGeZhong2023,
  title = {稅捐法秩序—稅捐、稅法與基本原則},
  author = {柯格鐘},
  date = {2023-09},
  publisher = {新學林},
  location = {台北},
  url = {https://sharing.com.tw/product/index/5AE64},
  urldate = {2023-10-12},
  langid = {chinese-traditional}
}

@book{KeGeZhongBian2020,
  title = {環境公課 第一冊},
  editor = {柯格鐘（編）},
  date = {2020-05},
  publisher = {元照},
  location = {台北}
}

@thesis{LiaoWanRu2006,
  title = {我國非營業特種基金監督機制之研究},
  author = {廖婉汝},
  date = {2006-01},
  institution = {國立政治大學經營管理碩士學程非營利事業管理組，碩士論文},
  url = {https://ndltd.ncl.edu.tw/cgi-bin/gs32/gsweb.cgi/login?o=dnclcdr&s=id=%22094NCCU5457028%22.&searchmode=basic},
  urldate = {2023-10-12}
}

@online{LiFaYuan2021,
  type = {立法院},
  title = {行政院環境保護署主管非營業特種基金111年度預算評估報告},
  author = {立法院},
  date = {2021-11},
  publisher = {立法院},
  url = {https://www.ly.gov.tw/Pages/List.aspx?nodeid=45302},
  urldate = {2023-10-12},
  langid = {chinese-traditional},
  organization = {立法院}
}

@online{LiFaYuan2021a,
  type = {立法院},
  title = {行政院環境保護署主管非營業特種基金109年度決算評估報告},
  author = {立法院},
  date = {2021-12},
  publisher = {立法院},
  url = {https://www.ly.gov.tw/Pages/List.aspx?nodeid=45384},
  urldate = {2023-10-12},
  langid = {chinese-traditional},
  organization = {立法院}
}

@online{LiFaYuan2021b,
  type = {立法院},
  title = {行政院環境保護署主管非營業特種基金108年度決算評估報告},
  author = {立法院},
  date = {2021-03},
  url = {https://www.ly.gov.tw/Pages/List.aspx?nodeid=44879},
  urldate = {2023-10-12},
  langid = {chinese-traditional},
  organization = {立法院}
}

@online{LiFaYuan2022,
  type = {立法院},
  title = {行政院環境保護署主管非營業特種基金112年度預算評估報告},
  author = {立法院},
  date = {2022-10},
  publisher = {立法院},
  url = {https://www.ly.gov.tw/Pages/List.aspx?nodeid=45705},
  urldate = {2023-10-12},
  langid = {chinese-traditional},
  organization = {立法院}
}

@online{LiFaYuan2023,
  type = {立法院},
  title = {行政院環境保護署主管非營業特種基金110年度決算評估報告},
  author = {立法院},
  date = {2023-04},
  publisher = {立法院},
  url = {https://www.ly.gov.tw/Pages/List.aspx?nodeid=46243},
  urldate = {2023-10-12},
  langid = {chinese-traditional},
  organization = {立法院}
}

@article{WangYunRu2018,
  title = {環境公課的憲法基礎與限制},
  author = {王韻茹},
  date = {2018-12-01},
  journaltitle = {月旦法學雜誌},
  number = {283},
  pages = {112--125},
  publisher = {元照出版公司},
  url = {http://lawdata.com.tw/tw/detail.aspx?no=413863},
  urldate = {2023-10-12}
}

@online{XingZhengYuanZhuJiZongChu1999,
  title = {空氣污染防制基金，基金概況},
  author = {行政院主計總處},
  date = {1999},
  url = {https://ws.dgbas.gov.tw/win/dgbas02/seg1/88/B1/B88-DS27.htm},
  urldate = {2023-10-12}
}

@online{XingZhengYuanZhuJiZongChu2021,
  title = {環境保護基金，基金概況},
  author = {行政院主計總處},
  date = {2021},
  url = {https://www.dgbas.gov.tw/public/data/dgbas02/seg2/110/NSFB/GF/00-AD/SF110ds21-%E7%92%B0%E4%BF%9D.pdf},
  urldate = {2023-10-12}
}

@online{XingZhengYuanZhuJiZongChu2023,
  title = {113年度非營業基金預算案，中央政府總預算及附屬單位預算},
  author = {行政院主計總處},
  date = {2023-09-20},
  url = {https://www.dgbas.gov.tw/News_Content.aspx?n=3627&s=231874},
  urldate = {2023-10-12},
  langid = {chinese},
  organization = {行政院主計總處}
}

@article{ZhangXianAn1993,
  title = {特別捐(特別費)與特種基金制度 (上)},
  author = {張嫻安},
  date = {1993-06-01},
  number = {12},
  pages = {1--48},
  publisher = {輔仁大學法律學系暨法律學研究所},
  url = {https://lawdata.com.tw/tw/detail.aspx?no=88953},
  urldate = {2023-12-18}
}

@article{ZhangXianAn1994,
  title = {特別捐(特別費)與特種基金制度 (下)},
  author = {張嫻安},
  date = {1994-06-01},
  number = {13},
  pages = {43--74},
  publisher = {輔仁大學法律學系暨法律學研究所},
  url = {https://lawdata.com.tw/tw/detail.aspx?no=88953},
  urldate = {2023-12-18}
}

@incollection{ZhangYongMing2021,
  title = {特種基金制度},
  booktitle = {財政法},
  author = {張永明},
  date = {2021},
  pages = {237--266},
  publisher = {新學林},
  location = {台北}
}

@article{ZhangYongMing2021a,
  title = {特種基金制度研究與改革初探},
  author = {張永明},
  date = {2021-03},
  journaltitle = {財稅研究},
  volume = {50},
  number = {2},
  pages = {1--21},
  url = {https://www.lawbank.com.tw/treatise/pl_article.aspx?AID=P000248854},
  urldate = {2023-10-12},
  langid = {chinese}
}

@article{ZhangZhiWei2018,
  title = {特別公課的憲法框架－以德國聯邦憲法法院裁判及其學理檢討為借鏡},
  author = {張志偉},
  date = {2018-05},
  journaltitle = {興大法學},
  number = {23},
  pages = {61--107},
  url = {https://www.lawbank.com.tw/treatise/pl_article.aspx?AID=P000237540},
  urldate = {2023-12-18},
  langid = {chinese}
}

@online{ZhongShiXinWenWang2022,
  title = {空汙基金收不抵支！空汙費率調整與否檢討中 - 生活},
  author = {中時新聞網},
  date = {2022-09-17},
  url = {https://www.chinatimes.com/realtimenews/20220917001932-260405?chdtv},
  urldate = {2023-10-13},
  langid = {chinese},
  organization = {中時新聞網}
}

@online{ZhongYangTongXunShe2018,
  title = {戴奧辛空污費遭批太低 環署：減排是目的 | 生活},
  author = {中央通訊社},
  date = {2018-07-29T14:50:00+08:00},
  url = {https://www.cna.com.tw/news/ahel/201807290090.aspx},
  urldate = {2023-10-12},
  langid = {chinese},
  organization = {中央社 CNA}
}

@online{ZhongYangTongXunShe2021,
  title = {洪申翰批擴大空污費率未實施 環保署致歉 | 生活},
  author = {中央通訊社},
  date = {2021-12-27T11:03:00+08:00},
  url = {https://www.cna.com.tw/news/ahel/202112270042.aspx},
  urldate = {2023-10-12},
  langid = {chinese},
  organization = {中央社 CNA}
}
