%% LaTeX2e file `test.bib'
%% generated by the `filecontents' environment
%% from source `test' on 2023/10/12.
%%
@ARTICLE{熊平2005--,
  author       = {熊平 and 吴颉},
  title        = {从交易费用的角度谈如何构建药品流通的良性机制},
  Journaltitle = {中国物价},
  DATE         = {2005},
  number       = {8},
  pages        = {42-45},
}

@ARTICLE{xiong2005--,
  author       = {Xiong, Ping and Wu, Xie},
  title        = {Discussion on how to construct benign medicine circulantion mechanism fromtranaction cosperspective},
  Journaltitle = {China price},
  DATE         = {2005},
  number       = {8},
  pages        = {42-45},
}

@Article{Dowler1995-5-26,
  author  = {Dowler, L},
  title   = {The research university’s dilemma: resource sharing and research in a transinstitutional environment},
  journal = {Journal of library administration},
  year    = {1995},
  volume  = {21},
  number  = {1/2},
  pages   = {5--26},
}

@Article{王临慧2010-147,
  author  = {王临慧 and others},
  title   = {天津方言的源流关系刍议},
  journal = {山西师范大学学报(社会科学版)},
  year    = {2010},
  volume  = {37},
  number  = {4},
  pages   = {147},
}

